@string{ITUT = "ITU Telecommunication Standardization Sector"}

@book(G.111,
title= "{Recommendation ITU-T G.111, Loudness Ratings (LRs) in an International Connection}",
author= ITUT,
publisher= "ITU",
address= "Geneva, Switzerland",
year= 1993,
month="March"
)

@book(G.191,
title= "{Recommendation ITU-T G.191, Software Tools for Speech and Audio Coding Standards}",
author= ITUT,
publisher= "ITU",
address= "Geneva, Switzerland",
year= 1993,
month="March"
)

@book(STL2005,
title = "{Recommendation ITU-T G.191, - Software Tool Library 2005 User's Manual}",
author = ITUT,
publisher= "ITU",
address = "Geneva, Switzerland",
year = 2005,
month = "July"
)

@book(STL2009,
title = "{Recommendation ITU-T G.191, - Software Tool Library 2009 User's Manual}",
author = ITUT,
address = "Geneva, Switzerland",
year = 2010,
month = "March"
)

@book(G.192,
title= "{Recommendation G.192, A Common Digital Parallel Interface for Speech Standardization Activities}",
author= ITUT,
publisher= "ITU",
address= "Geneva, Switzerland",
year= 1995,
month="November",
)

@book(G711-appendix-I,
title= "{Recommendation ITU-T G.711/Appendix I, A high quality low-complexity algorithm for packet loss concealment with G.711}",
author= ITUT,
publisher= "ITU",
address= "Geneva, Switzerland",
month = "September",
year= 1999
)

@inbook(G.711,
title= "{Recommendation ITU-T G.711, Pulse code molulation (PCM) of voice frequencies}",
pages= "175--184",
volume= "Fascicle III.4", series="Blue Book",
author= ITUT,
publisher= "ITU",
address= "Geneva, Switzerland",
year= 1989
)

@book(G.712,
title= "{Recommendation ITU-T G.712, Performance Characteristics of PCM channels}",
author= ITUT,
publisher= "ITU",
address= "Geneva, Switzerland",
month ="November",
year=2001,
)

@book(G.718,
title= "{Recommendation ITU-T G.718, Performance Characteristics of PCM channels}",
author= ITUT,
publisher= "ITU",
address= "Geneva, Switzerland",
month ="November",
year=2001,
)

@book(G.718B,
title= "{Recommendation ITU-T G.718, Frame error robust narrow-band and wideband embedded variable bit-rate coding of speech and audio from 8-32 kbit/s - Annex B on superwideband scalable extension for ITU-T G.718}",
author= ITUT,
publisher= "ITU",
address= "Geneva, Switzerland",
month ="March",
year=2010,
)

@inbook(G.721,
title= "{Recommendation ITU-T G.721, 32 kbit/s adaptive differential pulse code modulation (ADPCM)}",
pages= "231--268",
volume= "Fascicle III.4",
series="Blue Book",
author= ITUT,
publisher= "ITU",
address= "Geneva, Switzerland",
month = "November",
year= 1988
)

@inbook(G.722,
title = "{Recommendation ITU-T G.722, 7 kHz audio-coding within 64 kbit/s}",
author = ITUT,
publisher= "ITU",
address= "Geneva, Switzerland",
month = "September",
year= 2012
)

@book(G.722:AppIII,
title = "{Recommendation ITU-T G.722/Appendix III, A high quality packet loss concealment algorithm for G.722}",
author= ITUT,
publisher= "ITU",
address= "Geneva, Switzerland",
year = 2006
)

@book(G.722:AppIV,
title = "{Recommendation ITU-T G.722/Appendix IV, A low-complexity algorithm for packet loss concealment with G.722}",
author= ITUT,
publisher= "ITU",
address= "Geneva, Switzerland",
year = 2006
)

@inbook(G.725,
title= "{Recommendation ITU-T G.725, System Aspects for the Use of the 7kHz Audio Codec within 64 kbit/s}",
pages= "11",
volume= "Fascicle III.4",
series="Blue Book",
author= ITUT,
publisher= "ITU",
address= "Geneva, Switzerland",
year= 1989
)

@book(G.726,
title= "{Recommendation ITU-T G.726, 40, 32, 24, 16 kbit/s adaptive differential pulse code modulation (ADPCM)}",
author = ITUT,
publisher = "ITU",
address= "Geneva, Switzerland",
month = "December",
year= 1990
)

@incollection(G.726:LinearIO,
title = "{Extensions of Recommendation ITU-T G.726 for use with uniform quantized input and output}",
booktitle = "Recommendation G.726",
chapter = "Annex A",
author = ITUT,
publisher = "ITU",
address = "Geneva, Switzerland",
month = "November",
year = 1994
)

@incollection(ADPCM-Tech-Report,
title= "{Comparison of ADPCM Algorithms}",
author= ITUT,
booktitle = "Recommendation G.726",
chapter = "Appendix III",
publisher = "ITU",
address = "Geneva, Switzerland",
month = "November",
year= "1994",
)

@book(G.727,
title= "{Recommendation ITU-T G.727, 5-, 4-, 3- and 2-bits/sample embedded adaptive differential pulse code modulation (ADPCM)}",
author= ITUT,
publisher= "ITU",
address= "Geneva, Switzerland",
month="December",
year= 1990
)

@book(G.727:LinearIO,
title= "{Annex A to Recommendation ITU-T G.727, Extensions of Recommendation ITU-T G.727 for use with uniform-quantized input and output}",
author= ITUT,
publisher= "ITU",
address= "Geneva, Switzerland",
month="November",
year= 1994
)

@book(G.728,
title= "{Recommendation ITU-T G.728, Coding of Speech at 16 kbit/s using Low Delay Code Excited Linear Prediction (LD-CELP)}",
author= "CCITT",
publisher= "ITU",
address= "Geneva, Switzerland",
month="June",
year= 2012
)

@book(G.728G,
title = "{Recommendation ITU-T G.728 Annex G  - 16 kbit/s fixed point specification}",
author= ITUT,
publisher= "ITU",
address= "Geneva, Switzerland",
year = 1994,
month = "November"
)

@book(G.728I,
title = "{Recommendation ITU-T G.728 Annex I - Frame or packet loss concealment for the LD-CELP decoder}",
author= ITUT, publisher= "ITU",
address= "Geneva, Switzerland",
year = 1999,
month = "July"
)

@book(G.729.1E,
title = "{Recommendation ITU-T G.729.1: G.729-based embedded variable bit-rate coder: An 8-32 kbit/s scalable wideband coder bitstream interoperable with G.729 - Annex E on superwideband scalable extension for G.729.1}",
author= ITUT, publisher= "ITU",
address= "Geneva, Switzerland",
year = 2010,
month = "May"
)

@inbook(P.,
title= "{(P.) Recommendation}",
pages= 0,
volume= "V", series="Blue Book",
author= ITUT,
publisher= "ITU",
year= 1989
)

@book(P.11,
title= "{Recommendation ITU-T P.11, Effect of transmission impairments}",
author= ITUT,
publisher= "ITU",
address= "Geneva, Switzerland",
month = "March",
year= 1993
)

@book(P.341,
title= "{Recommendation ITU-T P.341, Characteristics of wideband terminals}",
author= ITUT,
publisher= "ITU",
address= "Geneva, Switzerland",
year= 1994
)

@inbook(P.48,
title= "{Recommendation ITU-T P.48, Specification for an intermediate reference system}",
pages= "81--86",
volume= "V", series="Blue Book",
author= ITUT,
publisher= "ITU",
address= "Geneva, Switzerland",
year= 1989
)

@book(P.50,
title = "{Recommendation ITU-T P.50 Annex I  - Artificial voices}",
author= ITUT, publisher= "ITU",
address= "Geneva, Switzerland",
year = 1998, month = "February"
)

@book(P.501,
title = "{Recommendation ITU-T P.501, Test signals for use in telephonometry}",
author= ITUT, publisher= "ITU",
address= "Geneva, Switzerland",
year = 2007, month = "July"
)

@inbook(P.56,
title= "{Recommendation ITU-T P.56, Objective measurement of active speech level}",
pages= "110--120",
volume= "V", series="Blue Book",
author= ITUT,
publisher= "ITU",
address= "Geneva, Switzerland",
year= 1989
)

@inbook(P.56-rev,
title= "{Recommendation ITUT P.56, Objective measurement of active speech level}",
author= ITUT,
publisher= "ITU",
address= "Geneva, Switzerland",
month = "December",
year= 2011
)

@book(old-P.80,
title= "{Recommendation ITU-T P.80, Methods for the subjective determination of transmission quality}",
author= ITUT,
publisher= "ITU",
address= "Geneva, Switzerland",
year= 1993
)

@book(P.800,
title= "{Recommendation ITU-T P.800, Methods for the subjective determination of transmission quality}",
author= ITUT,
publisher= "ITU",
address= "Geneva, Switzerland",
year= 1996,
)

@inbook(Old-P.81,
title= "{Recommendation ITU-T P.81, Modulated Noise Reference Unit (MNRU) }",
pages= "198--203",
volume= "V", series="Blue Book",
author= ITUT,
publisher= "ITU",
address= "Geneva, Switzerland",
year= 1989
)

@book(P.810,
title= "{Recommendation ITU-T P.810, Modulated Noise Reference Unit (MNRU) }",
author= ITUT,
publisher= "ITU",
address= "Geneva, Switzerland",
month= "February",
year= 1996,
)

@book(P.811,
title= "{Recommendation ITU-T P.811, Subjective test methodology for evaluating Speech oriented stereo communication systems over headphones}",
author= ITUT,
publisher= "ITU",
address= "Geneva, Switzerland",
month= "January",
year= 2019,
)

@book(P.830,
title= "{Recommendation ITU-T P.830, Subjective performance assessment of Telephone Band and Wideband Digital Codecs}",
author= ITUT,
publisher= "ITU",
address= "Geneva, Switzerland",
year= 1996,
month= "February"
)

@book(P.863,
title= "{Recommendation ITU-T P.863, Perceptual objective listening quality prediction}",
author= ITUT,
publisher= "ITU",
address= "Geneva, Switzerland",
year= 2018,
month= "March"
)

@book(EVS,
title= "{3GPP TS 26.441 - Enhanced Voice Services}",
author= "3GPP",
publisher= "3GPP",
year= 2014,
month= "December"
)



@book(Hndbk-tel,
title= "{Handbook on Telephonometry}",
author= ITUT,
publisher= "ITU",
year= 1992,
address= "{Geneva}",
ISBN= "92-61-04911-7",
note= "2nd. Edition",
pages= 356,
)

@book(BS.1534,
title = "{Recommendation ITU-R BS.1534-1: Method for the subjective assessment of intermediate quality level of coding systems}",
author = "ITU-R",
publisher = "ITU",
month = "January",
year = 2003
)

@book(BS1770,
title = "{Recommendation ITU-R BS.1770-4: Algorithms to measure audio programme loudness and true-peak audio level}",
author = "ITU-R",
publisher = "ITU",
month = "October",
year = 2015
)

@Book{ANSI:1989:PLC,
title = "Programming language, {C}: {ANSI X3.159-1989}",
author = "{American National Standards Institute}",
number = "160",
publisher = "ISO",
pages =  "119",
year =  "1989",
bibdate = "Mon Feb 24 15:49:20 MST 1997",
bibsource = "http://www.math.utah.edu/pub/tex/bib/ansistd.bib",
}

@techreport(AC-1004-Q10-15,
title= "{Software tool to compute dynamic RAM}",
author="{France Telecom Orange}",
type= "{Rapporteur Group meeting Contribution}",
number= "AC-1004-Q10-15",
institution= "ITU-T Study Group 16 Q10/16",
year= "2009-2012",
url = "\url{https://www.itu.int/ifa/t/2009/sg16/exchange/wp3/q10/1004Geneva/AC-1004-Q10-15-dram.doc}"
)

@book(Recipes,
title= "{Numerical Recipes in C: The Art of Scientific Computing }",
author= "W. H. Press and B. P. Flannery and S. A. Teukolky and W. T. Vetterling",
publisher= "Cambridge University Press ",
year= 1990, address= "{Cambridge}", ISBN= "{0-521-35465-X}"
)

@incollection(Knuth,
title= "{Seminumerical Algorithms}",
booktitle= "{The Art of Computer Programming}",
author= "D. Knuth",
publisher= "Addison-Wesley",
address= "{Massachusetts}",
year= 1981,
)

@book(Jayant-Noll,
title= "{Digital Coding of Waveforms}",
author= "N. S. Jayant and P. Noll",
publisher= "Prentice-Hall",
year= 1984,
cpqd_code= "(LV/621.38043/JAY2189)"
)

@book(kuttruff,
title= "{Room acoustics}",
author= "H. Kuttruff",
publisher= "Elsevier",
year= 1991
)

@book(oppenheim,
title= "{Discrete-Time Signal Processing}",
author= "A. V. Oppenheim and R. W. Schafer",
publisher= "Prentice-Hall",
year= 1989
)

@book(Qual-meas-tel-sys,
title= "{Quality Measures and the design of telecommunications systems }",
author= "J. Fennick",
publisher= "Artech House",
year= 1988, ISBN= "{0-89006-258-7}"
)

@techreport(BNR-ModIRS,
title= "{Frequency response characteristics for low bit-rate codec testing}",
author= "Bell Northern Research (Canada)",
institution= "UIT-T SG 12",
year= 1994, month="December",
note= "Delayed Contribution D,38 (SG12)",
address= "Geneva, Switzerland",
)

@ARTICLE { HeadphoneACR ,
AUTHOR = "S. Dimolitsas and F. Corcoran and C. Ravishankar" ,
JOURNAL = "IEEE Signal Processing Letters" ,
VOLUME = "2" ,
NUMBER = "3" ,
MONTH = "March" ,
YEAR = "1995",
PAGES = "41--43" ,
TITLE = "Correlation Between Headphone and Telephone-Handset Listener Opinion Scores for Single-Stimulus Voice Coder Performance Assessments" ,
}

@ARTICLE { HeadphoneDCR ,
AUTHOR = "S. Dimolitsas and F. Corcoran and C. Ravishankar" ,
JOURNAL = "IEEE Transactions on Speech and Audio Processing" ,
VOLUME = "3" ,
NUMBER = "5" ,
MONTH = "September" ,
YEAR = "1995",
PAGES = "421--424" ,
TITLE = "Dependence of Opinion Scores on Listening Sets Used in Degradation Category Rating Assessments" ,
}

@inbook(Old-Sup.14,
title= "{Supplement No.14, Subjective performance assessment of digital processes using the modulated noise reference unit (MNRU)}",
pages= "341--360",
volume= "V", series="Blue Book",
author= ITUT, publisher= "ITU", address= "Geneva, Switzerland", year= 1989
)

@techreport(Duo-MNRU,
title= "{Characterization of the revised implementation of the Modulated Noise Reference Unit (MNRU) for the ITU-T Software Tool Library}",
author="S. F. Campos Neto",
type= "White Contribution",
number= "COM 15-182-E",
institution= ITUT,
year= "1993-1996",
)

@article(G.722:Summary,
title= "{7 kHz audio coding within 64 kbit/s}",
author= "X. Maitre",
journal= "IEEE Journal on Selected Areas in Communications",
year= 1988,
month= "February",
volume= 6,
number= 2,
pages= "283--298",
)

@article(G.722:General,
title= "{G.722, a new CCITT coding standard for digital transmission of wideband audio signals}",
author= "P. Mermelstein",
journal= "IEEE Communications Magazine",
year= 1988,
month= "January",
volume= 26,
number= 1,
pages= "8--15",
)

@inproceedings(G.722:Overview,
title= "{Overview of the 64 kbit/s (7 kHz) audio coding standard}",
author= "{M. Taka, et. al.}",
booktitle= "{Proc. IEEE Globecom}",
year= 1986,
month= "December",
address= "Houston, Texas",
pages= "593--598",
)

@inproceedings(G.722:SubjTest,
title= "{Subjective Performance Evaluation of the 7 KHz Audio Coder}",
author= "G. Modena and A. Coleman and P. {Usai} and P. Coverdale",
booktitle= "{Proc. IEEE Globecom}",
year= 1986,
month= "December",
address= "Houston, Texas",
pages= "599--604",
)

@inproceedings(G.722:Implementation,
title= "{Implementation of the 7 kHz Audio Codec and its Transmission Characteristics}",
author= "{G. Le Tourneur, et. al.}",
booktitle= "{Proc. IEEE Globecom}",
year= 1986,
pages= "605--609",
)

@inproceedings(G.722:Modes,
title= "{Initialization and Mode Switching of 7 kHz Audio Terminals}",
author= "{M. Dietrich, et. al.}",
booktitle= "{Proc. IEEE Globecom}",
year= 1986,
pages= "610--614",
)

@inproceedings(G.722:Applications,
title= "{Possible Applications for networking considerations relating to the 64 kbit (7 kHz) audio coding system}",
author= "{K. R. Harrison, et. al.}",
booktitle= "{Proc. IEEE Globecom}",
year= 1986,
pages= "615--622",
)

@book(G.722:ETSITS102527-1,
title = "{ETSI TS 102 527-1 V1.2.1 (2008-06) Digital Enhanced Cordless Telecommunications (DECT); New Generation DECT; Part 1: Wideband speech}",
author = "ETSI",
publisher="ETSI",
address="France",
year = 2008,
month = "June"
)

@book(G.722:ETSITS102527-3,
title = "{ETSI TS 102 527-1 V1.1.1 (2008-06) Digital Enhanced Cordless Telecommunications (DECT); New Generation DECT; Part 3: Extended wideband speech services}",
author = "ETSI",
publisher="ETSI",
address="France",
year = 2008,
month = "June"
)

@book(G.722:RFC3551,
title = "RTP Profile for Audio and Video Conferences with Minimal Control",
author = "H. Schulzrinne and S. Casner",
publisher = "IETF",
year = 2003,
month="July"
)

@article(LTASS,
title= {An international comparison of long-term average speech spectra},
author= "{D. Byrne, et. al.}",
journal= "Journal of the Acoutical Society of America",
year= 1994,
month = "October",
volume= 96,
number= 4,
pages= "2108--2120"
)

@article(GEC,
title= {Capacity of a Burst-Noise Channel},
author= "E. N. Gilbert",
journal= "Bell Syst. Tech. J.",
year= 1960,
pages= "1253--1265"
)

@inproceedings(Bellcore-Model-1,
title= {Testing speech coders for usage in wireless communications systems},
author= "V. K. Varma",
booktitle= "{Second IEEE Workshop on Speech Coding for Telecommunications, ``Speech Coding for the Network of the Future''}",
year= 1993,
month= "October 13--15",
address= "Quebec, Canada"
)

@techreport(Bellcore-Model-2,
title= "{Proposed model for simulating radio channel burst errors}",
author= "Bellcore",
institution= "CCITT SG XII",
year = 1992,
month = "October",
note = "Doc.SQ-15.92(Rev.)",
address= "Geneva, Switzerland"
)

@article(ADPCM-theor,
title= "{Theoretical analysis of the ADPCM CCITT algorithm}",
author= "M. Bonnet and O. Macchi and M. Jaidane-Saidane",
journal= "{IEEE Trans.on Communications}",
volume= "38",
number= 6,
month= "June",
year= 1990,
pages= "847--858"
)

@article(ADPCM-over,
title= "{Overview of the ADPCM coding algorithm}",
author= "W. R. Daumer and X. Maitre and P. Mermelstein and I. Tokizawa",
journal= "{Proc. IEEE Globecom}",
year= 1984,
pages= "774--777"
)

@book(DSP56000-APP,
title= "{Real time digital signal processing applications with Motorola's DSP56000 Family, Appendix E}",
author= "M. El-Sharkawy",
publisher= "Motorola/Prentice-Hall",
year= 1990,
ISBN = "0-13-767138-5"
)

@techreport(f2c,
title = "{A Fortran--to--C Converter}",
author = "S. I. Feldman and D. M. Gay and M. W. Maimone and N. L. Schryer",
institution = "AT\&T Bell Laboratories",
year = 1990,
month = "August",
number = "Computing Science 149"
)

@techreport(sv-test,
title = "{Measure of active level with and without decimation}",
author = "CPqD/Telebr\'as-Brazil",
institution = "CCITT, WP XV/2",
year = 1991,
month = "November",
number = "D.387(XV/2)",
address = "Geneva, Switzerland"
)

@article(Q001.02.04.02,
title= "{A reference distortion system using modulated noise}",
author= "H. B. Law and R. A. Seymour",
journal= "Proc. Institution of Electrical Engineers (IEE)",
volume= "109B", month= "Nov", year= 1962,
pages= "484--485"
)

@inproceedings(LDCELP-voitests,
title= "{Subjective Performance of CCITT's 16 kbit/s LD-CELP Algorithm with Voice Signals}",
author= "C. South and P. Usai",
booktitle= "{Proc. IEEE Globecom}",
year= 1992
)

@techreport(SCD-ETSI,
title = "{An Implementation of the Signal Conditioning Device}",
author = "Aachen University",
institution = "ETSI/\-TM/\-TM5/\-TCH-HS",
year = 1991,
month="April",
number= "TD91/23"
)

@inproceedings(ETSI-half,
title= "{Preselection for the Half-Rate GSM Standard}",
author= "H. J. Braun and S. Feldes and G. {Schr\"{o}der}",
booktitle= "{IEEE Workshop on Speech Coding for Telecommunications}",
year= 1991, month="September 11-13", pages= "90--92"
)

@book(GSM-06.10,
title= "{Full Rate Speech Transcoding}",
author= "GSM-06.10",
publisher= "ETSI",
year= 1992, Month= "October",
note= "Released July 1, 1993",
address= "France",
)

@article(RPELTP:BasicConcept,
title = "Regular-Pulse Excitation: a novel approach to effective and efficient multipulse coding of speech",
author= "P. Kroon and R. J. Sluyter and E. F. Deprettere",
journal= "IEEE Trans. Acoust., Speech, Signal Processing",
volume= "ASSP-34",
number= 5,
pages= "1054--1063",
month= "October", year= 1986,
)

@inproceedings(RPELTP:ICASSP88,
title= "{Speech codec for the European Mobile Radio System}",
author= "P. Vary and others",
booktitle= "{Proc. ICASSP}",
year= 1988,
pages= "227--230",
)

@book(AC-05-16,
title= "{ITU-T AC-05-16 Processing Test Plan of the 14kHz Low-Complexity Audio Coding Algorithm at 24, 32 and 48 kbps Extension to ITU-T G.722.1}",
author= "ITU-T Q.10/16 Rapporteur",
publisher= "ITU",
address= "Strasbourg, France",
month= "April",
year= 2005
)

@article(RPELTP:SpeechCommunication,
title= "{Special Issue on Medium Rate Speech Coding for Digital Mobile Technology}",
author= "Reute (Guest Editor), Ulrich",
journal= "Speech Communication",
volume= 7,
number= 2,
year= 1988,
month= "July",
)

@techreport(half-spec,
title = "{Preselection for the Half-Rate GSM Standard}",
author = "GSM",
institution = "ETSI/\-TM/\-TM5/\-TCH-HS",
year= 1991,
month="November",
number= "TD?/?")
)

@techreport(8kQT-Plan,
title= "{Procedure for an Initial Subjective Qualification Test of Candidates to a CCITT 8 kbit/s Speech Coder}",
author= "Speech Quality Experts Group",
institution= "CCITT SG XII",
year = 1992,
month ="February",
number = "Doc.SQ-06.92R",
address= "Geneva, Switzerland",
type = "temporary document"
)

@techreport(STL92-Manual,
title = "{CCITT Software Tool Library Manual}",
author = "User's Group on Software Tools",
institution = "CCITT SG XV",
number = "COM XV-R 87-E",
year = 1992,
month = "May",
type = "report"
)

@techreport(STL96-Manual,
title= "{ITU-T Software Tool Library Manual}",
author= "User's Group on Software Tools",
institution = "ITU-T",
year = 1996,
month="May-June",
)

@techreport(STL95-Manual,
title = "{UIT-T Software Tool Library Manual}",
author = "Users' Group on Software Tools",
institution = "ITU-T SG15",
number = "COM 15-R XXX",
year = 1995,
month ="November",
)

@techreport(ST-8kQT,
title= "{Software Tools for the Qualification Test of a codec at 8 kbit/s}",
author= "User's Group on Software Tools",
institution= "CCITT SG XV",
number = "COM XV-R 88-E",
year= 1992,
month="May"
)

@techreport(COM-XV-R-73-E,
title= "{Report of Working Party XV/2}",
author= "Study Group XV",
number = "COM XV-R 73-E",
institution= "CCITT",
year= 1991,
month="November",
type = "report"
)

@techreport(Q21-ROs,
title = "{Q.21/XV- Requirements and Objectives}",
author= "Study Group XV",
number = "COM XV-R 73-E",
institution= "CCITT",
year= 1990,
month="July",
type = "report"
)

@inproceedings(BNR-coder,
title = "{A Low Delay 16 kbit/sec Speech Coder}",
author = "{V. Iyengar and P. Kabal}",
booktitle = "Proc. ICASSP",
year = 1988
)

@techreport(LD-CELP-1,
title = "{Description of 16 kbit/s Low-Delay Code-Excited Linear Predictive  Coding (LD-CELP) algorithm}",
author ="{AT\&T}",
number = "AH.89-D02",
type = "contribution",
institution= "CCITT",
year = 1989, month="March"
)

@techreport(BNR-Letter,
title = "{Letter to the Chairman of CCITT Ad-hoc Group for Q.21/XV}",
author = "{BNR-Canada}",
number = "AH.89-D13",
institution = "CCITT",
type = "contribution",
year = 1989, month="March"
)

@techreport(Consort-Letter,
title = "{Letter to the Chairman of CCITT Ad-hoc Group for Q.21/XV}",
author = "{Consortium for Speech Coding}",
institution = "CCITT",
number = "AH.89-D13",
type = "contribution",
year = 1989, month ="March"
)

@techreport(LD-VCX-HLD,
title = "{A High Level Description of the Consortium's Low Delay Vector Excitation Coder (LD-VCX)}",
author = "{Consortium for Speech Coding}",
number ="AH.89-D08",
type = "contribution",
institution ="CCITT",
year = 1989,
month = "March"
)


@techreport(LD-VCX,
title = "{Description of the Consortium's Low Delay Vector Excitation Coder (LD-VCX), Version 2}",
author = "{Consortium for Speech Coding}",
number = "AH.89-D21",
type = "contribution",
institution = "CCITT",
year = 1989,
month = "July"
)


@incollection(LD-VCX2,
title = "{Backward Adaptive Configurations for Low-delay Vector Excitation Coding}",
booktitle = "Advances in Speech Coding",
author = "V. Cuperman and A. Gersho and R. Pettigrew and J. J. Shynk and {J.-H.} Yao",
publisher = "Kluwer Academic Publishers",
year = 1989
)

@inproceedings(Q026,
title = "{Subjective Performance of CCITT's 16 kbit/s LD-CELP algorithm with voice signals}",
author = "{C. R. South and P. Usai}",
booktitle = "Proc. IEEE Globecom",
year = 1992
)

@inproceedings(CELP-original,
title = "{Code-Excited Linear Prediction (CELP): high speech quality at very low rates}",
author = "{M. R. Schroeder and B. S. Atal}",
booktitle = "Proc. ICASSP",
year = 1985
)

@inproceedings(LDCELP-VerProc,
title = "{Test Verification of LD-CELP: an objective measurement approach to a non-bit exact standard}",
author = "{R. V. Cox and F. T. Johansen}",
booktitle = "{Proc. IEEE Globecom}",
year = 1992
)

@book(Rabiner-Schafer,
title = "{Digital Processing of Speech Signals}",
author =  "{L. R. Rabiner and R. W. Schafer}",
publisher = "{Prentice-Hall}",
address = "Englewood Cliffs",
year = 1978
)

@inproceedings(LD-CELP-FixedPt,
title = "{A fixed-point 16 kb/s LD-CELP algorithm}",
author = "{J.-H. Chen and Y.-C. Lin and R. V. Cox}",
booktitle = "Proc. ICASSP",
year = 1991
)

@article(RecursWind,
title =  "{Recursive windowing for generating autocorrelation coefficients for LPC analysis}",
author = "{T. P. {Barnwell III}}",
journal = "{Transactions on Acoust., Speech, Signal Processing}",
number = 5,
volume = "ASSP-29",
year = 1981, month = "October"
)

@inproceedings(LD-CELP-Phase2:Improved,
title = "Improving the performance of the 16 kb/s LD-CELP speech coder",
booktitle = "Proc. ICASSP" ,
author = "Juin-Hwey Chen and Nikil Jayant and Richard V. Cox" ,
year = 1992
)

@article(LD-CELP-Phase2,
title = "{A Low-Delay CELP Coder for the CCITT 16 kb/s Speech Coding Standard}",
author = "{J.-H}. Chen and R. V. Cox and {Y.-C}. Lin and N. Jayant and M. J. Melchner",
journal = "IEEE Journal.on Selected Areas in Communications",
volume = "10",
number = "5",
year = 1992,
month = "June"
)

@techreport(LD-CELP-RecurWind,
title = "{Improvements to AT\&T's 16 kbit/s Low-Delay Code-Excited Linear Predictive  Coding (LD-CELP) algorithm}",
author = "AT\&T",
note = "AH.89-D26",
institution = "CCITT",
type = "contribution",
year = 1989,
month = "July",
)

@incollection(LD-CELP-Phase1,
title = "{A robust Low-Delay CELP Speech Coder at 16 kb/s}",
author = "{J.-H}. Chen",
booktitle = "Advances in Speech Coding",
publisher = "Kluwer Academic Publishers",
year = 1989
)

@techreport(ATT-PrivComm:Cox,
title = "{S\'{e}rie de Comunica\c{c}\~{o}es Privadas}",
institution = "AT\&T",
author = "{J.-H}. Chen and R. V. Cox",
pages = "21--28",
year = 1992, month = "September"
)

@inproceedings(Pond-Percep,
title = "{Real-time vector APC speech coding at 4800 bps with adaptive post-filtering}",
author = "{{J.-H}. Yao and A. Gersho}",
booktitle = "Proc. ICASSP",
year = 1987
)

@inproceedings(Expl-WeigFilt,
title =  "{Real Time Vector Excitation Coding of Speech at 4800 bps}",
author = "{D. Grant and M. Young and A. Gersho}",
booktitle = "Proc. ICASSP",
year = 1987
)

@techreport(LD-CELP:Exp2-Phase1,
title = "{Effect of Tandeming and Input Level}",
author = "{S. F. Campos Neto and H. Irii and J. Rosenberger and J. Sotcsheck and P. Usai}",
institution = "CSELT",
type = "technical report",
volume = "XXI",
number = "2--2",
year = 1993
)

@inproceedings(LD-CELP-Phase1:HQLD,
title = "{LD-CELP: A high quality 16 kb/s speech coder with low delay}",
author ="{J.-H}. Chen and R. V. Cox",
booktitle = "{Proc. IEEE Globecom}",
year = 1990
)


@inproceedings(LD-CELP-Phase1:Globecom,
title = "{A robust Low-Delay CELP Speech Coder at 16 kb/s}",
author = "{J.-H}. Chen",
booktitle = "{Proc. IEEE Globecom}",
year = 1989
)

@article(PostFilter-Basic,
title = "{Enhancement of ADPCM Speech Coding using Backward-Adaptive Algorithms for Post-Filtering and Noise Feedback}",
author = "{V. Ramamoorthy and N. S. Jayant and R. V. Cox and M. M. Sondhi}",
journal = "{Journal on Selected Areas in Communications}",
number = 2,
volume = 6,
year = 1988,
month = "February"
)


@techreport(LD-CELP-1-rev,
title = "{Detailed description of AT\&T's LD-CELP algorithm}",
author = "{AT\&T}", number = "AH.89-D02",
institution = "CCITT",
type = "contribution",
year = 1989,
month = "November"
)

@techreport(AC-0809-Q10-26,
author = "France Telecom",
title = "{Proposed update of ITU-T reverberation software tool.}",
number = "ITU-T Q.10/16 Rapporteur meeting AC-0809-Q10-26",
address = "Geneva, Switzerland",
type = "Input document",
month = "September",
year = 2008
)

@techreport(AC-0801-Q10-31,
author = "ITU-T Q.10/16 Rapporteur",
title = "{Proposed update of ITU-T frequency response measurement tool}",
institution = {ITU-T},
type = "input document",
number = "Q.10/16 Rapporteur meeting AC-0801-Q10-31",
address = "Geneva, Switzerland",
year = 2008,
month = "January",
)

@techreport(TD297R1,
author = "{ITU-T Q.10/16 Rapporteur}",
title = "{Report of Q10/16 Rapporteur's meeting report (Geneva, 28 January-1 February 2008)}",
type = "report",
number = "{TD297R1 (WP3/16)}",
address = "Geneva, Switzerland",
year = 2008,
month = "February"
)

@techreport(AC-0809-Q10-35,
author = "{Huawei Technologies}",
title = "{Update of the frequency response measurement Software Tool}",
number = "{ITU-T Q.10/16 Rapporteur meeting, AC-0809-Q10-35}",
type = "contribution",
address = "Geneva, Switzerland",
year = 2008, date = "25 September - 03 October"
)

@techreport(AC-0801-Q10-04,
author = "Study Group 12",
title = "GEN-431-16: Reply LS on wideband/fullband test signals and babble noise (COM 16-LS 242)",
number = "{ITU-T Q.10/16 Rapporteur meeting, AC-0801-Q10-04}",
type = "input document",
address = "Geneva, Switzerland",
year = 2008,
date = "28 January - 1 February"
)

@book{C90,
author = {ISO},
title = "{ANSI/ISO 9899-1990, Programming languages - C}",
year = {1990},
url = {https://www.iso.org/standard/17782.html}
}
